%YAML 1.1
%TAG !u! tag:unity3d.com,2011:
--- !u!1 &4634019721233688634
GameObject:
  m_ObjectHideFlags: 0
  m_CorrespondingSourceObject: {fileID: 0}
  m_PrefabInstance: {fileID: 0}
  m_PrefabAsset: {fileID: 0}
  serializedVersion: 6
  m_Component:
  - component: {fileID: 4634019721233986586}
  - component: {fileID: 4634019721236853818}
  - component: {fileID: 4634019721235887866}
  - component: {fileID: 6272146513575353191}
  - component: {fileID: 2962552456814572144}
  - component: {fileID: 1093138844689680889}
  - component: {fileID: -3273063963359634520}
  m_Layer: 0
  m_Name: Well
  m_TagString: Untagged
  m_Icon: {fileID: 0}
  m_NavMeshLayer: 0
  m_StaticEditorFlags: 0
  m_IsActive: 1
--- !u!4 &4634019721233986586
Transform:
  m_ObjectHideFlags: 0
  m_CorrespondingSourceObject: {fileID: 0}
  m_PrefabInstance: {fileID: 0}
  m_PrefabAsset: {fileID: 0}
  m_GameObject: {fileID: 4634019721233688634}
  m_LocalRotation: {x: 0.7071068, y: 0, z: 0, w: 0.7071068}
  m_LocalPosition: {x: 1.5845441, y: 18.639, z: -13.447}
  m_LocalScale: {x: 1, y: 1, z: 30}
  m_Children:
  - {fileID: 893118879701435536}
  m_Father: {fileID: 0}
  m_RootOrder: 0
  m_LocalEulerAnglesHint: {x: 90, y: 0, z: 0}
--- !u!33 &4634019721236853818
MeshFilter:
  m_ObjectHideFlags: 0
  m_CorrespondingSourceObject: {fileID: 0}
  m_PrefabInstance: {fileID: 0}
  m_PrefabAsset: {fileID: 0}
  m_GameObject: {fileID: 4634019721233688634}
  m_Mesh: {fileID: 4300002, guid: 2123ebf915d81fe439bcb9daef5dad94, type: 3}
--- !u!23 &4634019721235887866
MeshRenderer:
  m_ObjectHideFlags: 0
  m_CorrespondingSourceObject: {fileID: 0}
  m_PrefabInstance: {fileID: 0}
  m_PrefabAsset: {fileID: 0}
  m_GameObject: {fileID: 4634019721233688634}
  m_Enabled: 1
  m_CastShadows: 1
  m_ReceiveShadows: 1
  m_DynamicOccludee: 1
  m_MotionVectors: 1
  m_LightProbeUsage: 1
  m_ReflectionProbeUsage: 1
  m_RayTracingMode: 2
  m_RenderingLayerMask: 1
  m_RendererPriority: 0
  m_Materials:
  - {fileID: 2100000, guid: 428589479cbe8644c9dbceda3497c131, type: 2}
  m_StaticBatchInfo:
    firstSubMesh: 0
    subMeshCount: 0
  m_StaticBatchRoot: {fileID: 0}
  m_ProbeAnchor: {fileID: 0}
  m_LightProbeVolumeOverride: {fileID: 0}
  m_ScaleInLightmap: 1
  m_ReceiveGI: 1
  m_PreserveUVs: 0
  m_IgnoreNormalsForChartDetection: 0
  m_ImportantGI: 0
  m_StitchLightmapSeams: 0
  m_SelectedEditorRenderState: 3
  m_MinimumChartSize: 4
  m_AutoUVMaxDistance: 0.5
  m_AutoUVMaxAngle: 89
  m_LightmapParameters: {fileID: 0}
  m_SortingLayerID: 0
  m_SortingLayer: 0
  m_SortingOrder: 0
--- !u!64 &6272146513575353191
MeshCollider:
  m_ObjectHideFlags: 0
  m_CorrespondingSourceObject: {fileID: 0}
  m_PrefabInstance: {fileID: 0}
  m_PrefabAsset: {fileID: 0}
  m_GameObject: {fileID: 4634019721233688634}
  m_Material: {fileID: 13400000, guid: df195ce493ed09b4c929f832263ba617, type: 2}
  m_IsTrigger: 0
  m_Enabled: 0
  serializedVersion: 4
  m_Convex: 1
  m_CookingOptions: 0
  m_Mesh: {fileID: 4300002, guid: 2123ebf915d81fe439bcb9daef5dad94, type: 3}
--- !u!114 &2962552456814572144
MonoBehaviour:
  m_ObjectHideFlags: 0
  m_CorrespondingSourceObject: {fileID: 0}
  m_PrefabInstance: {fileID: 0}
  m_PrefabAsset: {fileID: 0}
  m_GameObject: {fileID: 4634019721233688634}
  m_Enabled: 1
  m_EditorHideFlags: 0
  m_Script: {fileID: 11500000, guid: a58317b0d1a73654ba9cc57e057d3d4e, type: 3}
  m_Name: 
  m_EditorClassIdentifier: 
--- !u!65 &1093138844689680889
BoxCollider:
  m_ObjectHideFlags: 0
  m_CorrespondingSourceObject: {fileID: 0}
  m_PrefabInstance: {fileID: 0}
  m_PrefabAsset: {fileID: 0}
  m_GameObject: {fileID: 4634019721233688634}
  m_Material: {fileID: 0}
  m_IsTrigger: 0
  m_Enabled: 1
  serializedVersion: 2
  m_Size: {x: 1.7320509, y: 2.0000005, z: 0.07367329}
  m_Center: {x: 0, y: 6.1483267e-15, z: -0.03183666}
--- !u!114 &-3273063963359634520
MonoBehaviour:
  m_ObjectHideFlags: 0
  m_CorrespondingSourceObject: {fileID: 0}
  m_PrefabInstance: {fileID: 0}
  m_PrefabAsset: {fileID: 0}
  m_GameObject: {fileID: 4634019721233688634}
  m_Enabled: 1
  m_EditorHideFlags: 0
  m_Script: {fileID: 11500000, guid: 9b91ecbcc199f4492b9a91e820070131, type: 3}
  m_Name: 
  m_EditorClassIdentifier: 
  sceneId: 0
  serverOnly: 0
  m_AssetId: 
  hasSpawned: 0
--- !u!1001 &893118879701294840
PrefabInstance:
  m_ObjectHideFlags: 0
  serializedVersion: 2
  m_Modification:
    m_TransformParent: {fileID: 4634019721233986586}
    m_Modifications:
    - target: {fileID: 146568, guid: 0909eb09d7e81f44f84611da02ce4c80, type: 3}
      propertyPath: m_Name
      value: Prefab
      objectReference: {fileID: 0}
    - target: {fileID: 449128, guid: 0909eb09d7e81f44f84611da02ce4c80, type: 3}
      propertyPath: m_LocalPosition.x
      value: 0.025455952
      objectReference: {fileID: 0}
    - target: {fileID: 449128, guid: 0909eb09d7e81f44f84611da02ce4c80, type: 3}
      propertyPath: m_LocalPosition.y
      value: -0.033000022
      objectReference: {fileID: 0}
    - target: {fileID: 449128, guid: 0909eb09d7e81f44f84611da02ce4c80, type: 3}
      propertyPath: m_LocalPosition.z
      value: -0.007839268
      objectReference: {fileID: 0}
    - target: {fileID: 449128, guid: 0909eb09d7e81f44f84611da02ce4c80, type: 3}
      propertyPath: m_LocalRotation.x
      value: -0.7071068
      objectReference: {fileID: 0}
    - target: {fileID: 449128, guid: 0909eb09d7e81f44f84611da02ce4c80, type: 3}
      propertyPath: m_LocalRotation.y
      value: -0
      objectReference: {fileID: 0}
    - target: {fileID: 449128, guid: 0909eb09d7e81f44f84611da02ce4c80, type: 3}
      propertyPath: m_LocalRotation.z
      value: -0
      objectReference: {fileID: 0}
    - target: {fileID: 449128, guid: 0909eb09d7e81f44f84611da02ce4c80, type: 3}
      propertyPath: m_LocalRotation.w
      value: 0.7071068
      objectReference: {fileID: 0}
    - target: {fileID: 449128, guid: 0909eb09d7e81f44f84611da02ce4c80, type: 3}
      propertyPath: m_RootOrder
      value: 0
      objectReference: {fileID: 0}
    - target: {fileID: 449128, guid: 0909eb09d7e81f44f84611da02ce4c80, type: 3}
      propertyPath: m_LocalEulerAnglesHint.x
      value: 0
      objectReference: {fileID: 0}
    - target: {fileID: 449128, guid: 0909eb09d7e81f44f84611da02ce4c80, type: 3}
      propertyPath: m_LocalEulerAnglesHint.y
      value: 0
      objectReference: {fileID: 0}
    - target: {fileID: 449128, guid: 0909eb09d7e81f44f84611da02ce4c80, type: 3}
      propertyPath: m_LocalEulerAnglesHint.z
      value: 0
      objectReference: {fileID: 0}
    - target: {fileID: 449128, guid: 0909eb09d7e81f44f84611da02ce4c80, type: 3}
      propertyPath: m_LocalScale.x
      value: 0.4
      objectReference: {fileID: 0}
    - target: {fileID: 449128, guid: 0909eb09d7e81f44f84611da02ce4c80, type: 3}
      propertyPath: m_LocalScale.y
      value: 0.01333333
      objectReference: {fileID: 0}
    - target: {fileID: 449128, guid: 0909eb09d7e81f44f84611da02ce4c80, type: 3}
      propertyPath: m_LocalScale.z
      value: 0.39999992
      objectReference: {fileID: 0}
    m_RemovedComponents: []
  m_SourcePrefab: {fileID: 100100000, guid: 0909eb09d7e81f44f84611da02ce4c80, type: 3}
--- !u!4 &893118879701435536 stripped
Transform:
  m_CorrespondingSourceObject: {fileID: 449128, guid: 0909eb09d7e81f44f84611da02ce4c80,
    type: 3}
  m_PrefabInstance: {fileID: 893118879701294840}
  m_PrefabAsset: {fileID: 0}
